<record><leader>00000cas a22000007a 4500</leader><controlfield tag="001">11254870</controlfield><controlfield tag="008">841011d18591864nyuwr ne      0    0eng d</controlfield><datafield ind1=" " ind2=" " tag="010"><subfield code="a">sn 84031849 </subfield></datafield><datafield ind1=" " ind2=" " tag="040"><subfield code="a">NYG</subfield><subfield code="b">eng</subfield><subfield code="c">NYG</subfield><subfield code="d">NPY</subfield><subfield code="d">NYS</subfield><subfield code="d">NVF</subfield><subfield code="d">OCL</subfield><subfield code="d">DLC</subfield><subfield code="d">OCLCQ</subfield><subfield code="d">OCLCF</subfield><subfield code="d">OCLCO</subfield><subfield code="d">AQM</subfield></datafield><datafield ind1="1" ind2=" " tag="029"><subfield code="a">AU@</subfield><subfield code="b">000040182397</subfield></datafield><datafield ind1=" " ind2=" " tag="042"><subfield code="a">msc</subfield></datafield><datafield ind1=" " ind2=" " tag="043"><subfield code="a">n-us-ny</subfield></datafield><datafield ind1="0" ind2="0" tag="245"><subfield code="a">Metropolitan record.</subfield></datafield><datafield ind1=" " ind2=" " tag="260"><subfield code="a">New York, N.Y. :</subfield><subfield code="b">[s.n.]</subfield></datafield><datafield ind1=" " ind2=" " tag="300"><subfield code="a">v. ;</subfield><subfield code="c">41 cm.</subfield></datafield><datafield ind1=" " ind2=" " tag="310"><subfield code="a">Weekly</subfield></datafield><datafield ind1="1" ind2=" " tag="362"><subfield code="a">Began in 1859.</subfield></datafield><datafield ind1="0" ind2=" " tag="362"><subfield code="a">-v. 6, no. 22 (May 28, 1864).</subfield></datafield><datafield ind1=" " ind2=" " tag="500"><subfield code="a">"Official organ of the most Rev. Archbishop of New York," Dec. 31, 1859-Mar. 14, 1863.</subfield></datafield><datafield ind1=" " ind2=" " tag="500"><subfield code="a">"A Catholic family paper," Mar. 21, 1863-1864.</subfield></datafield><datafield ind1=" " ind2=" " tag="500"><subfield code="a">Editor: John Mullaly, &lt;1859&gt;-1864.</subfield></datafield><datafield ind1=" " ind2=" " tag="588"><subfield code="a">Description based on: Vol. 1, no. 9 (Mar. 26, 1859).</subfield></datafield><datafield ind1=" " ind2="0" tag="651"><subfield code="a">New York (N.Y.)</subfield><subfield code="v">Newspapers.</subfield></datafield><datafield ind1=" " ind2="7" tag="651"><subfield code="a">New York (State)</subfield><subfield code="z">New York.</subfield><subfield code="2">fast</subfield><subfield code="0">(OCoLC)fst01204333</subfield></datafield><datafield ind1=" " ind2="7" tag="655"><subfield code="a">Newspapers.</subfield><subfield code="2">fast</subfield><subfield code="0">(OCoLC)fst01423814</subfield></datafield><datafield ind1=" " ind2="7" tag="655"><subfield code="a">Religious newspapers.</subfield><subfield code="2">local</subfield></datafield><datafield ind1="1" ind2=" " tag="700"><subfield code="a">Mullaly, John.</subfield></datafield><datafield ind1=" " ind2=" " tag="752"><subfield code="a">United States</subfield><subfield code="b">New York</subfield><subfield code="c">New York</subfield><subfield code="d">New York.</subfield></datafield><datafield ind1="0" ind2="7" tag="785"><subfield code="t">Vindicator and people's advocate</subfield></datafield><datafield ind1="0" ind2="7" tag="785"><subfield code="t">Metropolitan record and New York vindicator</subfield><subfield code="w">(DLC)sn 83031761</subfield><subfield code="w">(OCoLC)10058275</subfield></datafield></record>